@book{book:latex,
 author    = {Helmut Kopka},
 title     = {Latex Einführung},
 series    = {Scientific Tools},
 publisher = {Addison Wesley},
 year      = {2000},
 edition   = {3},
 note      = {521 Seiten},
 comments= {
---
Hier können freie Anmerkungen hinterlegt werden, welche nicht mit im
Literaturverzeichnis auftauchen.

Zum Beispiel:
Behandelt Latex.
Kapitel 1: Grundlagen
usw.
---}
}

@misc{link:texniccenter,
 key     = {TeXnicCenter},
 organization = {Sourceforge},
 title   = {TeXnicCenter - The Center of your LaTeX Universe},
 year    = {2012},
 url     = {http://www.texniccenter.org/},
 note    = {Homepage des Projektes TeXnicCenter, einer Entwicklungsumgebung
            für LaTeXdokumente unter Microsoft Windows. [Online; zuletzt abgerufen am 12.10.2012]},
 comments= {
   Alternativ kann auch beim alphadin-BibTeX-Style der letzte Zugriff mittels lastchecked = "12.10.2012", angegeben werden.
   Der "key-Eintrag" ist Hilfreich wenn kein Autor angegeben ist. Dieser Eintrag wird verwendet, um den Kurzschlüssel zu erstellen.
}
}


@misc{link:kile,
 key     = {Kile},
 organization = {KDE},
 title   = {Kile - an integrated LaTeX environment},
 year    = {2012},
 url     = {http://kile.sourceforge.net},
 note    = {Homepage der LaTeX-Entwicklungsumgebung
            Kile für KDE bzw. GNU/Linux. [Online; zuletzt abgerufen am 12.10.2012]},
 
}

@misc{link:acrobatreader,
 key     = {Acrobat Reader} ,
 organization = {Adobe Systems GmbH},
 title   = {Adobe Reader - Herunterladen},
 year    = {2012},
 url     = {http://get.adobe.com/de/reader/},
 note    = {Der PDF-Betrachter Acrobat Reader. [Online; zuletzt abgerufen am 12.10.2012]},
}

@misc{link:miktex,
 author  = {Christian Schenk},
 title   = {MiKTeX Project Page},
 year    = {2012},
 url     = {http://www.miktex.org},
 note    = {MiKTeX is an up-to-date TeX implementation for the Windows operating system. [Online; zuletzt abgerufen am 12.10.2012]},
 }


@misc{link:texlive,
 key     = {TeXLive},
 organization = {TeX Users Group},
 title   = {TeX Live Project Page},
 year    = {2012},
 url     = {http://www.tug.org/texlive/},
 note    = {TeX Live ist die umfangreichste verfügbare TeX-Distribution. Verfügbar für verschiedene 
            Betriebssystem, z.B. Windows, Linux und Mac OS X. [Online; zuletzt abgerufen am 12.10.2012]},
}

@misc{link:ghostview,
 key = {Ghostview},
 organization = {Ghostview},
 title   = {Ghostscript, Ghostview and GSview},
 year    = {2012},
 url     = {http://www.cs.wisc.edu/~ghost},
 note    = {Welcome to the Home Page for Ghostscript, an interpreter for the
           PostScript language and for PDF, and related software and documentation. [Online; zuletzt abgerufen am 12.10.2012]},
}

@misc{link:imagemagick,
 key      = {ImageMagick}, 
 organization = {ImageMagick Studio LLC},
 title   = {ImageMagick: Convert, Edit and Compose Images},
 url     = {http://www.imagemagick.org/},
 note    = {ImageMagick, is a free software suite
            to create, edit, and compose bitmap images. It can
            read, convert and write images in a large variety
            of formats. [Online; zuletzt abgerufen am 12.10.2012]},
 year    = {2012},

}

@misc{link:latexkochbuch,
 author   = {Markus Porto},
 title    = {Kochbuch für LaTeX},
 year     = {1995},
 url      = {http://archiv.dante.de/TeX-Service/TSP/tex/cookbook/cookbook.html},
 note     = {Dieser Text beschreibt in Form eines Kochbuches LaTeX-Textteile. [Online; zuletzt abgerufen am 12.10.2012]},
}

@misc{wiki:utf8,
 author  = "Wikipedia",
 title   = "UTF-8 --- Wikipedia{,} Die freie Enzyklopädie",
 year    = "2012",
 url     = "http://de.wikipedia.org/w/index.php?title=UTF-8&oldid=107845204",
 note    = "[Online; Stand 12. Oktober 2012]"
}

@misc{link:texworks,
 author  = {Jonathan Kew and Stefan Löffler and Charlie Sharpsteen},
 organization = {TeX Users Group},
 title   = {TeXworks -- lowering the entry barrier to the TeX world},
 year    = {2012},
 url     = {http://www.tug.org/texworks/},
 note    = {TeXworks ist ein quelloffenes Anwendungsprogramm für Windows, Unix-Systeme und Mac OS X. 
            Es ist eine graphische Benutzeroberfläche für das Textsatzprogramm TeX und dessen Erweiterungen 
            LaTeX, ConTeXt und XeTeX. [Online; zuletzt abgerufen am 12.10.2012]},
}

